@Article{Zhang2015,
  author  = {Zhang, Zhifei},
  journal = {Knoxville: Department of Electrical Engineering and Computer Science},
  title   = {Image Noise: Detection, Measurement, and Removal Techniques},
  year    = {2015},
}

@InProceedings{LeVeque2007FiniteDM,
  author = {Randall J. LeVeque},
  title  = {Finite difference methods for ordinary and partial differential equations - steady-state and time-dependent problems},
  year   = {2007},
}

@InProceedings{hore2010image,
  author       = {Hore, Alain and Ziou, Djemel},
  booktitle    = {2010 20th international conference on pattern recognition},
  title        = {Image quality metrics: PSNR vs. SSIM},
  year         = {2010},
  organization = {IEEE},
  pages        = {2366--2369},
}

@InProceedings{Gedraite2011,
  author       = {Gedraite, Estev{\~a}o S and Hadad, Murielle},
  booktitle    = {Proceedings ELMAR-2011},
  title        = {Investigation on the effect of a Gaussian Blur in image filtering and segmentation},
  year         = {2011},
  organization = {IEEE},
  pages        = {393--396},
}

@Book{Langtangen2017,
  author    = {Hans Petter Langtangen and Svein Linge},
  publisher = {Springer International Publishing},
  title     = {Finite Difference Computing with {PDEs}},
  year      = {2017},
  doi       = {10.1007/978-3-319-55456-3},
}

@Article{Ma2022,
  author    = {Ma, Shaobin and Li, Lan and Zhang, Chengwen},
  journal   = {Journal of Robotics},
  title     = {Adaptive Image Denoising Method Based on Diffusion Equation and Deep Learning},
  year      = {2022},
  volume    = {2022},
  publisher = {Hindawi},
}

@Article{Nikpour2010,
  author    = {Nikpour, M and Hassanpour, H},
  journal   = {IET Image Processing},
  title     = {Using diffusion equations for improving performance of wavelet-based image denoising techniques},
  year      = {2010},
  number    = {6},
  pages     = {452--462},
  volume    = {4},
  publisher = {IET},
}

@Article{Perona1990,
  author    = {Perona, Pietro and Malik, Jitendra},
  journal   = {IEEE Transactions on pattern analysis and machine intelligence},
  title     = {Scale-space and edge detection using anisotropic diffusion},
  year      = {1990},
  number    = {7},
  pages     = {629--639},
  volume    = {12},
  publisher = {IEEE},
}

@Article{Chung2001,
  author = {Chung, Moo K},
  title  = {Statistical morphometry in neuroanatomy},
  year   = {2001},
}

@Book{Weickert1998,
  author    = {Weickert, Joachim},
  publisher = {Teubner Stuttgart},
  title     = {Anisotropic diffusion in image processing},
  year      = {1998},
  volume    = {1},
}

@Book{PetterLangtangen2016,
  author    = {Petter Langtangen, Hans},
  publisher = {Springer Nature},
  title     = {Finite Difference Computing with Exponential Decay Models},
  year      = {2016},
}

@InProceedings{Weeratunga2002,
  author       = {Weeratunga, Sisira K and Kamath, Chandrika},
  booktitle    = {Image Processing: Algorithms and Systems},
  title        = {PDE-based nonlinear diffusion techniques for denoising scientific and industrial images: an empirical study},
  year         = {2002},
  organization = {SPIE},
  pages        = {279--290},
  volume       = {4667},
}

@Article{Buades2005,
  author    = {Buades, Antoni and Coll, Bartomeu and Morel, Jean-Michel},
  journal   = {Multiscale modeling \& simulation},
  title     = {A review of image denoising algorithms, with a new one},
  year      = {2005},
  number    = {2},
  pages     = {490--530},
  volume    = {4},
  publisher = {SIAM},
}

@Article{Zhang2015a,
  author  = {Zhang, Zhifei},
  journal = {Knoxville: Department of Electrical Engineering and Computer Science},
  title   = {Image Noise: Detection, Measurement, and Removal Techniques},
  year    = {2015},
}

@Comment{jabref-meta: databaseType:bibtex;}
